<?xml version="1.0" encoding="UTF-8"?><collection xmlns="http://www.loc.gov/MARC21/slim"><record><leader>00721nam--2200193-u-4500</leader><controlfield tag="001">000054256</controlfield><controlfield tag="002">20161230</controlfield><controlfield tag="005">20161230201051</controlfield><controlfield tag="008">111031s1000------------r-----000-0-rum-d</controlfield><datafield ind1=" " ind2=" " tag="040"><subfield code="a">IFIN-HH</subfield></datafield><datafield ind1=" " ind2=" " tag="041"><subfield code="a">rum</subfield></datafield><datafield ind1=" " ind2=" " tag="080"><subfield code="a">539.1.074(043)</subfield></datafield><datafield ind1="1" ind2=" " tag="100"><subfield code="a">Petrascu, Horia</subfield></datafield><datafield ind1="1" ind2="0" tag="245"><subfield code="a">Contributii la dezvoltarea metodicii camerelor proportionale multifilare sensibile la coordnatele de pozitie si a contoorilor proportionali spectrometrici utilizand noi procese de interactie a radiatiei cu materialele</subfield><subfield code="b">Rezumatul tezei</subfield><subfield code="c">Horia petrascu</subfield></datafield><datafield ind1=" " ind2=" " tag="260"><subfield code="a">Bucuresti</subfield><subfield code="b">Ifin</subfield><subfield code="c">1993</subfield></datafield><datafield ind1=" " ind2=" " tag="300"><subfield code="a">24P</subfield></datafield><datafield ind1=" " ind2=" " tag="502"><subfield code="a">Conducator Stiintific: Prof.Dr. Marin Ivascu</subfield></datafield><datafield ind1=" " ind2=" " tag="852"><subfield code="a">80072</subfield><subfield code="c">539.1.07:539.1.08</subfield></datafield><datafield ind1=" " ind2=" " tag="CAT"><subfield code="a">Sys</subfield><subfield code="c">20111031</subfield><subfield code="h">162030</subfield></datafield></record></collection>